[1]
@book{simpson1989oxford,
	title={The Oxford English Dictionary},
	author={Simpson, John Andrew and Weiner, Edmund SC and others},
	year={1989},
	publisher={Clarendon Press},
	address={Oxford, United Kingdom}
}

[2] http://www.sciencedirect.com/science/article/pii/S0169023X0400223X
@article{burton2005semiotic,
	title={A semiotic metrics suite for assessing the quality of ontologies},
	author={Burton-Jones, Andrew and Storey, Veda C and Sugumaran, Vijayan and Ahluwalia, Punit},
	journal={Data \& Knowledge Eng.},
	volume={55},
	number={1},
	pages={84--102},
	month=oct,
	year={2005}
}

[3] http://onlinelibrary.wiley.com/doi/10.1029/2010EO340001/full
@article{parsons2010data,
	title={Data citation and peer review},
	author={Parsons, Mark A and Duerr, Ruth and Minster, Jean-Bernard},
	journal={Eos, Trans. Amer. Geophysical Union},
	volume={91},
	number={34},
	pages={297--298},
	month=aug,
	year={2010}
}

[4] http://www.computer.org/csdl/mags/ic/2014/05/mic2014050004-abs.html
@article{goble2014better,
	author    = {Carole A. Goble},
	title     = {Better Software, Better Research},
	journal   = {{IEEE} Internet Comput.},
	year      = {2014},
	volume    = {18},
	number    = {5},
	pages     = {4--8},
	month={Sep.--Oct.}
}

[5] 
@inproceedings{davidson2008provenance,
	title={Provenance and scientific workflows: challenges and opportunities},
	author={Davidson, Susan B and Freire, Juliana},
	booktitle={Proc. 2008 ACM SIGMOD Int. Conf. Manage. of Data},
	pages={1345--1350},
	year={2008}
}

[6]
@inproceedings{drummond2009replicability,
	title={Replicability is not reproducibility: nor is it good science},
	author={Drummond, Chris},
	booktitle={Proc. 26th Int. Conf. for Mach. Learn. Workshops},
	venue={Montreal, Quebec, Canada},
	year={2009}
}

[7] http://www.sciencedirect.com/science/article/pii/S1574954107000453
@article{boose2007ensuring,
	author    = {Emery R. Boose and
	Aaron M. Ellison and
	Leon J. Osterweil and
	Lori A. Clarke and
	Rodion M. Podorozhny and
	Julian L. Hadley and
	Alexander E. Wise and
	David R. Foster},
	title     = {Ensuring Reliable Datasets for Environmental Models and Forecasts},
	journal   = {Ecological Informatics},
	month=oct,
	year      = {2007},
	volume    = {2},
	number    = {3},
	pages     = {237--247},
}

[8] http://scitation.aip.org/content/aip/journal/cise/2/6
@article{schwab2000making,
	title={Making scientific computations reproducible},
	author={Schwab, Matthias and Karrenbach, Martin and Claerbout, Jon},
	journal={Comput. in Sci. \& Eng.},
	volume={2},
	number={6},
	pages={61--67},
	month=nov,
	year={2000}
}

[9] http://www.sciencedirect.com/science/article/pii/S2214753515000030
The Biomolecular Dection and Quantification Journal does not divide each volume into numbers
@article{bustin2015reproducibility,
	title = "The reproducibility of biomedical research: Sleepers awake! ",
	journal = "Biomolecular Detection and Quantification ",
	volume = "2",
	pages = "35-42",
	month=dec,
	year = "2014",
	author = "Stephen A. Bustin",
}

[10] http://www.thelancet.com/journals/lancet/article/PIIS0140-6736(13)62329-6/abstract
@article{macleod2014biomedical,
	title={Biomedical research: increasing value, reducing waste},
	author={Macleod, Malcolm R and Michie, Susan and Roberts, Ian and Dirnagl, Ulrich and Chalmers, Iain and Ioannidis, John PA and Salman, Rustam Al-Shahi and Chan, An-Wen and Glasziou, Paul},
	journal={The Lancet},
	volume={383},
	number={9912},
	pages={101--104},
	year={2014},
	month=jan
}

[11] http://www.thelancet.com/journals/lancet/article/PIIS0140-6736(13)62227-8/abstract
@article{ioannidis2014increasing,
	title={Increasing value and reducing waste in research design, conduct, and analysis},
	author={Ioannidis, John PA and Greenland, Sander and Hlatky, Mark A and Khoury, Muin J and Macleod, Malcolm R and Moher, David and Schulz, Kenneth F and Tibshirani, Robert},
	journal={The Lancet},
	volume={383},
	number={9912},
	pages={166--175},
	year={2014},
	month=jan
}

[12] http://www.thelancet.com/journals/lancet/article/PIIS0140-6736(13)62296-5/abstract
@article{chan2014increasing,
	title={Increasing value and reducing waste: addressing inaccessible research},
	author={Chan, An-Wen and Song, Fujian and Vickers, Andrew and Jefferson, Tom and Dickersin, Kay and G{\o}tzsche, Peter C and Krumholz, Harlan M and Ghersi, Davina and van der Worp, H Bart},
	journal={The Lancet},
	volume={383},
	number={9913},
	pages={257--266},
	year={2014},
	month=jan
}

[13] http://www.thelancet.com/journals/lancet/article/PIIS0140-6736(13)62228-X/abstract
@article{glasziou2014reducing,
	title={Reducing waste from incomplete or unusable reports of biomedical research},
	author={Glasziou, Paul and Altman, Douglas G and Bossuyt, Patrick and Boutron, Isabelle and Clarke, Mike and Julious, Steven and Michie, Susan and Moher, David and Wager, Elizabeth},
	journal={The Lancet},
	volume={383},
	number={9913},
	pages={267--276},
	year={2014},
	month=jan
}

[14] http://www.cambridge.org/us/academic/subjects/statistics-probability/statistical-theory-and-methods/privacy-big-data-and-public-good-frameworks-engagement
@incollection{stodden2014enabling,
	title={Enabling reproducibility in big data research: balancing confidentiality and scientific transparency},
	author={Stodden, Victoria},
	booktitle={Privacy, Big Data and the Public Good},
	editor={Julia Lane and Victoria Stodden and Stefan Bender and Helen Nissenbaum},
	edition={1st},
	chapter={5},
	publisher={Cambridge University Press},
	address={New York, NY},
	pages={112--132},
	year={2014}
}

[15] http://www.tandfonline.com/doi/abs/10.1198/106186007X178663
@article{gentleman2007statistical,
	title={Statistical analyses and reproducible research},
	author={Gentleman, Robert and Lang, Duncan Temple},
	journal={J. Computational and Graphical Stat.},
	volume={16},
	number={1},
	pages={1--23},
	month=mar,
	year={2007}
}

[16] http://scitation.aip.org/content/aip/journal/cise/11/1
@article{donoho2009reproducible,
	title={Reproducible research in computational harmonic analysis},
	author={Donoho, David L and Maleki, Arian and Rahman, Inam Ur and Shahram, Morteza and Stodden, Victoria},
	journal={Comput. in Sci. \& Eng.},
	volume={11},
	number={1},
	pages={8--18},
	year={2009},
	month=jan
}

[17]
@book{buckheit1995wavelab,
	title={Wavelab and Reproducible Research},
	author={Buckheit, Jonathan B and Donoho, David L},
	year={1995},
	publisher={Springer},
	address={New York, NY}
}

[18] http://www.computer.org/csdl/mags/so/1994/05/s5097-abs.html
@article{ramsey1994literate,
	title={Literate programming simplified},
	author={Ramsey, Norman},
	journal={IEEE Software},
	volume={11},
	number={5},
	pages={97--105},
	year={1994},
	month={Sep.--Oct.}
}

[19] http://www.springer.com/us/book/9783790815177
@inproceedings{leisch2002sweave,
	title={Sweave: Dynamic generation of statistical reports using literate data analysis},
	author={Leisch, Friedrich},
	booktitle={Compstat: Proc. Computational Stat. 2002},
	pages={575--580},
	year={2002}
}

[20] http://dis.sagepub.com/content/8/3/423.abstract
@article{taboada2006rhetorical,
	title={Rhetorical structure theory: Looking back and moving ahead},
	author={Taboada, Maite and Mann, William C},
	journal={Discourse Stud.},
	volume={8},
	number={3},
	pages={423--459},
	month=jun,
	year={2006}
}

[21] http://link.springer.com/chapter/10.1007%2F978-3-540-72667-8_37
@inproceedings{groza2007salt,
	title={{SALT}: Semantically Annotated {\LaTeX} for Scientific Publications},
	author={Groza, Tudor and Handschuh, Siegfried and M{\"o}ller, Knud and Decker, Stefan},
	booktitle={The Semantic Web: Res. and Applicat.: Proc. 4th European Semantic Web Conf. ({ESWC} 2007)},
	pages={518--532},
	year={2007}
}

[22] http://ceur-ws.org/Vol-523/
@misc{mons2009nano,
	title={Nano-Publication in the e-science era},
	author={Mons, Barend and Velterop, Jan},
	year={presented at {2009 Workshop on Semantic Web Applicat. in Scientific Discourse ({SWASD} 2009)}, {Washington DC}, 2009}
}

[23] http://www.jbiomedsem.com/content/5/1/28
@article{clark2013micropublications,
	title={Micropublications: a semantic model for claims, evidence, arguments and annotations in biomedical communications},
	author={Clark, Tim and Ciccarese, Paolo N and Goble, Carole A},
	journal={J. Biomedical Semantics},
	volume={5},
	number={1},
	pages={28:1--28:33},
	month=jul,
	year={2014}
}

[24] http://dblp2.uni-trier.de/rec/bibtex/conf/exact/McGuinnessDSC07
@inproceedings{mcguinness2007pml,
	title={{PML} 2: A Modular Explanation Interlingua},
	author={McGuinness, Deborah L and Ding, Li and Da Silva, Paulo Pinheiro and Chang, Cynthia},
	booktitle={Explanation-Aware Comput., Papers from the 2007 {AAAI} Workshop ({ExaCt} 2007)},
	pages={49--55},
	year={2007}
}

[25] -- http://www.sciencedirect.com/science/article/pii/S0167739X10001275
@article{moreau2011open,
	title={The open provenance model core specification (v1.1)},
	author={Moreau, Luc and Clifford, Ben and Freire, Juliana and Futrelle, Joe and Gil, Yolanda and Groth, Paul and Kwasnikowska, Natalia and Miles, Simon and Missier, Paolo and Myers, Jim and others},
	journal={Future Generation Comput. Syst.},
	volume={27},
	number={6},
	pages={743--756},
	month=jun,
	year={2011}
}

[26] https://www.usenix.org/conference/tapp13/technical-sessions/presentation/missier
@misc{missier2013d,
	title={D-PROV: extending the PROV provenance model with workflow structure},
	author={Missier, Paolo and Dey, Saumen C and Belhajjame, Khalid and Cuevas-Vicentt{\'\i}n, V{\'\i}ctor and Lud{\"a}scher, Bertram},
	year={presented at {5th USENIX Workshop on the Theory and Practice of Provenance, {Lombard, IL}, 2013}}
}

[27]
@inproceedings{costa2013capturing,
	title={Capturing and querying workflow runtime provenance with prov: a practical approach},
	author={Costa, Flavio and Silva, V{\'\i}tor and de Oliveira, Daniel and Oca{\~n}a, Kary and Ogasawara, Eduardo and Dias, Jonas and Mattoso, Marta},
	booktitle={Proc. Joint EDBT/ICDT 2013 Workshops},
	pages={282--289},
	year={2013}
}

[28] http://www.jbiomedsem.com/content/pdf/2041-1480-4-37.pdf
@article{ciccarese2013pav,
	title={{PAV} ontology: provenance, authoring and versioning.},
	author={Ciccarese, Paolo and Soiland-Reyes, Stian and Belhajjame, Khalid and Gray, Alasdair JG and Goble, Carole A and Clark, Tim},
	journal={J. Biomedical Semantics},
	volume={4},
	number={1},
	pages={37:1--37:22},
	month=nov,
	year={2013}
}

[29]
@misc{gruninger1995methodology,
	title={Methodology for the Design and Evaluation of Ontologies},
	author={Gr{\"u}ninger, Michael and Fox, Mark S},
	year={presented at Workshop on Basic Ontological Issues in Knowledge Sharing, {IJCAI}-95, {Montreal, Quebec, Canada}, 1995}
}

[30] http://onlinelibrary.wiley.com/doi/10.1002/1098-111X(200103)16:3%3C391::AID-INT1014%3E3.0.CO;2-2/abstract
@article{gomez2001evaluation,
	title={Evaluation of ontologies},
	author={G{\'o}mez-P{\'e}rez, Asunci{\'o}n},
	journal={Int. J. Intell. Syst.},
	volume={16},
	number={3},
	pages={391--409},
	year={2001},
	month=mar
}

[31] 
@inproceedings{brank2005survey,
	title={A survey of ontology evaluation techniques},
	author={Brank, Janez and Grobelnik, Marko and Mladenic, Dunja},
	booktitle={Proc. Conf. Data Mining and Data Warehouses ({SiKDD} 2005)},
	pages={166--170},
	year={2005}
}

[32] http://dblp.uni-trier.de/rec/bibtex/conf/icwe/Lozano-TelloGS03
@inproceedings{lozano2003selection,
	title={Selection of ontologies for the semantic web},
	author={Lozano-Tello, Adolfo and G{\'o}mez-P{\'e}rez, Asunci{\'o}n and Sosa, Encarna},
	booktitle={Proc. Int. Conf. Web Eng. ({ICWE} 2003)},
	pages={413--416},
	year={2003}
}

[33] http://www.igi-global.com/viewtitlesample.aspx?id=3308&ptid=35072&t=ONTOMETRIC:%20A%20Method%20to%20Choose%20the%20Appropriate%20Ontology
@article{lozano2004ontometric,
	title={Ontometric: A method to choose the appropriate ontology},
	author={Lozano-Tello, Adolfo and G{\'o}mez-P{\'e}rez, Asunci{\'o}n},
	journal={Journal of Database Manage.},
	volume={15},
	number={2},
	pages={1--18},
	year={2004},
	month={Apr.--Jun.}
}

[34] http://citeseerx.ist.psu.edu/viewdoc/download?doi=10.1.1.85.2399&rep=rep1&type=pdf
institution is a project group
@techreport{hartmann2005d1,
	title={D1.2.3 Methods for ontology evaluation},
	author={Hartmann, Jens and Spyns, Peter and Giboin, Alain and Maynard, Diana and Cuel, Roberta and Su{\'a}rez-Figueroa, Mari Carmen and Sure, York},
	institution={EU-IST Netw. of Excellence (NoE)},
	number={IST-2004-507482 KWEB Deliverable D1.2.3},
	address={Karlsruhe, Germany},
	year={2005}
}

[35] https://km.aifb.kit.edu/ws/eon2006/
@misc{gangemi2006qood,
	title={Qood grid: A metaontology-based framework for ontology evaluation and selection},
	author={Gangemi, Aldo and Catenacci, Carola and Ciaramita, Massimiliano and Lehmann, Jos},
	year={presented at {4th Int. EON Workshop}, {Edinburgh, United Kingdom}, 2006}
}

[36] http://www.springer.com/us/book/9783642052897
@inproceedings{casellas2009ontology,
	title={Ontology Evaluation Through Usability Measures},
	author={Casellas, N{\'u}ria},
	booktitle={On the Move to Meaningful Internet Syst.: OTM 2009 Workshops},
	pages={594--603},
	year={2009}
}

[37] https://www.crcpress.com/Usability-Evaluation-In-Industry/Jordan-Thomas-McClelland-Weerdmeester/9780748404605#googlePreviewContainer
@incollection{brooke1996sus,
	title={{SUS} --- A quick and dirty usability scale},
	author={Brooke, John},
	booktitle={Usability Evaluation in Industry},
	editor={Patrick W. Jordan and Bruce Thomas and Bernard A. Weerdmeester and Ian L. McClelland},
	edition={1st},
	pages={189--194},
	chapter={21},
	year={1996},
	publisher={Taylor \& Francis},
	address={Bristol, PA}
}

[38] http://www.computer.org/csdl/trans/td/2009/09/ttd2009091246-abs.html
@article{groth2009recording,
	title={Recording process documentation for provenance},
	author={Groth, Paul and Moreau, Luc},
	journal={IEEE Trans. Parallel and Distributed Syst.},
	volume={20},
	number={9},
	pages={1246--1259},
	month=sep,
	year={2009}
}

[39] http://citeseerx.ist.psu.edu/viewdoc/download?doi=10.1.1.96.3841&rep=rep1&type=pdf
@techreport{groth2006architecture,
	title={An architecture for provenance systems},
	author={Groth, Paul and Jiang, Sheng and Miles, Simon and Munroe, Steve and Tan, Victor and Tsasakou, Sofia and Moreau, Luc},
	year={2006},
	number={511085},
	institution={University of Southampton},
	address={Southampton, United Kingdom}
}

[40] https://www.cypherpunks.to/erights/history/actors/AITR-844.pdf
@techreport{agha1985actors,
	title={Actors: A model of concurrent computation in distributed systems},
	author={Agha, Gul A},
	year={1985},
	institution={MIT Artificial Intelligence Lab},
	number={844},
	address={Cambridge, MA}
}

[41] http://journals.cambridge.org/action/displayIssue?decade=1990&jid=JFP&volumeId=7&issueId=01&iid=44064 (View Table of Contents as PDF)
@article{agha1997foundation,
	title={A foundation for actor computation},
	author={Agha, Gul A and Mason, Ian A and Smith, Scott F and Talcott, Carolyn L},
	journal={J. Functional Prog.},
	volume={7},
	number={01},
	pages={1--72},
	month=jan,
	year={1997}
}

[42] http://delivery.acm.org/10.1145/2010000/2000792/a8-miles.pdf?ip=129.161.70.168&id=2000792&acc=ACTIVE%20SERVICE&key=7777116298C9657D%2EAF047EA360787914%2E4D4702B0C3E38B35%2E4D4702B0C3E38B35&CFID=567073154&CFTOKEN=45968211&__acm__=1449781064_cc88fbbbc9578955ddf78601704566b2
@article{miles2011prime,
	title={PrIMe: A methodology for developing provenance-aware applications},
	author={Miles, Simon and Groth, Paul and Munroe, Steve and Moreau, Luc},
	journal={ACM Trans. Software Eng. and Methodology (TOSEM)},
	volume={20},
	number={3},
	pages={8:1--8:42},
	month=aug,
	year={2011}
}

[43] https://www.crcpress.com/Implementing-Reproducible-Research/Stodden-Leisch-Peng/9781466561595#googlePreviewContainer
@incollection{freire2014reproducibility,
  title={Reproducibility using {VisTrails}},
  author={Freire, Juliana and Koop, David and Chirigati, Fernando Seabra and Silva, Cl{\'a}udio T},
  booktitle={Implementing Reproducible Research},
  editor={Victoria Stodden and Friedrich Leisch and Roger D. Peng},
  chapter={2},
  edition={1st},
  pages={33--56},
  publisher={CRC Press},
  address={New York, NY},
  year={2014}
}

[44] http://onlinelibrary.wiley.com/doi/10.1002/cpe.994/full
@article{ludascher2006scientific,
  title={Scientific workflow management and the {Kepler} system},
  author={Lud{\"a}scher, Bertram and Altintas, Ilkay and Berkley, Chad and Higgins, Dan and Jaeger, Efrat and Jones, Matthew and Lee, Edward A and Tao, Jing and Zhao, Yang},
  journal={Concurrency and Computation: Practice and Experience},
  volume={18},
  number={10},
  pages={1039--1065},
  month=aug,
  year={2006},
}

[45] http://nar.oxfordjournals.org/content/41/W1/W557.abstract?sid=c5881c5a-3b98-4ff3-9c99-527a3b9aaf9e
@article{wolstencroft2013taverna,
  title={The {Taverna} workflow suite: designing and executing workflows of Web Services on the desktop, web or in the cloud},
  author={Wolstencroft, Katherine and Haines, Robert and Fellows, Donal and Williams, Alan and Withers, David and Owen, Stuart and Soiland-Reyes, Stian and Dunlop, Ian and Nenadic, Aleksandra and Fisher, Paul and others},
  journal={Nucleic Acids Res.},
  volume={41},
  number={W1},
  pages={W557--W561},
  month=jul,
  year={2013}
}

[46]
@misc{chirigati2013reprozip,
	title={ReproZip: Using Provenance to Support Computational Reproducibility},
	author={Chirigati, Fernando Seabra and Shasha, Dennis and Freire, Juliana},
	year={presented at {5th USENIX Workshop on the Theory and Practice of Provenance}, {Lombard, IL}, 2013}
}

[47] https://books.google.com/books/about/Semantic_Web_Technologies_and_Legal_Scho.html?id=sZ4pBAAAQBAJ&printsec=frontcover&source=kp_read_button#v=onepage&q&f=false
@incollection{peroni2014semantic,
	title={The Semantic Publishing and Referencing Ontologies},
	author={Peroni, Silvio},
	booktitle={Semantic Web Technologies and Legal Scholarly Publishing},
	chapter={5},
	edition={1st},
	address={New York, NY},
	pages={121--193},
	year={2014},
	publisher={Springer}
}

[48] http://onlinelibrary.wiley.com/doi/10.1002/asi.23088/abstract
@article{di2014dealing,
	title={Dealing with structural patterns of XML documents},
	author={Di Iorio, Angelo and Peroni, Silvio and Poggi, Francesco and Vitali, Fabio},
	journal={J. Assoc. for Inform. Sci. and Tech.},
	volume={65},
	number={9},
	pages={1884--1900},
	year={2014},
	month=sep
}

[49] -- http://www.sciencedirect.com/science/article/pii/S0306437905000281
@article{da2006proof,
	title={A proof markup language for semantic web services},
	author={Da Silva, Paulo Pinheiro and McGuinness, Deborah L and Fikes, Richard},
	journal={Inform. Syst.},
	volume={31},
	number={4--5},
	pages={381--395},
	month={Jun.--Jul.},
	year={2006}
}

[50] -- http://www.sciencedirect.com/science/article/pii/S1364815214002254
The Environmental Modelling & Software Journal does not divide each volume into numbers
@article{ma2014ontology,
	title={Ontology engineering in provenance enablement for the National Climate Assessment},
	author={Ma, Xiaogang and Zheng, Jin Guang and Goldstein, Justin C and Zednik, Stephan and Fu, Linyun and Duggan, Brian and Aulenbach, Steven M and West, Patrick and Tilmes, Curt and Fox, Peter},
	journal={Environmental Modelling \& Software},
	volume={61},
	pages={191--205},
	month=nov,
	year={2014}
}

[51]
@unpublished{fu2015ontology,
	title={Ontology Usability Scale: Context-aware Metrics for the Effectiveness, Efficiency and Satisfaction of Ontology Uses},
	author={Fu, Linyun and Ma, Xiaogang and West, Patrick},
	journal={Semantic Web J.},
	note={Submitted to Semantic Web J.}
}

[52] \emph{Ergonomic Requirements for Office Work with Visual Display Terminals (VDTs) -- Part 11: Guidance on Usability}, ISO Standard 9241-11, 1998
@techreport{iso19989241,
	title={Ergonomic requirements for office work with visual display terminals ({VDT}s) -- Part 11: Guidance on usability},
	author={ISO},
	number={9241-11},
	institution={The Int. Org. for Standardization},
	address={Geneva, Switzerland},
	year={1998}
}

[53] 
@inproceedings{jokela2003standard,
	title={The standard of user-centered design and the standard definition of usability: analyzing ISO 13407 against ISO 9241-11},
	author={Jokela, Timo and Iivari, Netta and Matero, Juha and Karukka, Minna},
	booktitle={Proc. Latin Amer. Conf. Human-Comput. Interaction},
	pages={53--60},
	year={2003}
}

[54] http://www.sciencedirect.com/science/article/pii/S1071581985710816
@article{gruber1995toward,
	title={Toward principles for the design of ontologies used for knowledge sharing},
	author={Gruber, Thomas R},
	journal={Int. J. Human-Comput. Stud.},
	volume={43},
	number={5--6},
	pages={907--928},
	month=nov,
	year={1995}
}

[55] 
@techreport{brickley2000resource,
	number={20000327},
	address = {Cambridge, MA},
	author = {Brickley, Dan and Guha, R. V.},
	institution = {World Wide Web Consortium (W3C)},
	title = {{Resource Description Framework (RDF) Schema Specification 1.0: W3C Candidate Recommendation 27 March 2000}},
	year = {2000}
}

[56] http://www.w3.org/TR/owl-features/
@techreport{mcguinness2004owl,
	title={{OWL} web ontology language overview},
	author={McGuinness, Deborah L and Van Harmelen, Frank and others},
	institution={World Wide Web Consortium (W3C)},
	address={Cambridge, MA},
	number={20040210},
	year={2004}
}

[57] http://link.springer.com/book/10.1007%2F978-3-642-28977-4
@incollection{bikakis2013xml,
	title={The {XML} and Semantic Web Worlds: Technologies, Interoperability and Integration: a Survey of the State of the Art},
	author={Bikakis, Nikos and Tsinaraki, Chrisa and Gioldasis, Nektarios and Stavrakantonakis, Ioannis and Christodoulakis, Stavros},
	booktitle={Semantic Hyper/Multimedia Adaptation},
	editor={Anagnostopoulos, I.E. and Bielikova, M. and Mylonas, P. and Tsapatsoulis, N.},
	edition={1st},
	chapter={4},
	pages={319--360},
	year={2013},
	publisher={Springer},
	address={New York, NY}
}

[58] 
@inproceedings{fox1995organisation,
	title={An organisation ontology for enterprise modelling: preliminary concepts for linking structure and behaviour},
	author={Fox, Mark S and Barbuceanu, Mihai and Gruninger, Michael},
	booktitle={Proc. 4th Workshop on Enabling Technologies: Infrastructure for Collaborative Enterprises},
	pages={71--81},
	year={1995}
}

[59]
@inproceedings{peirce1867categories,
	title={On a New List of Categories},
	author={Charles Sanders Peirce},
	booktitle={Proc. Amer. Academy of Arts and Sciences 7},
	pages={287--298},
	year={1867}
}

[60]
@book{morris1938foundations,
	title={Foundations of the Theory of Signs},
	author={Morris, Charles William},
	publisher={The University of Chicago Press},
	address={Chicago, IL},
	month=jul,
	year={1938}
}

[61]
@book{pratchett2005moving,
	title={Moving Pictures},
	author={Pratchett, Terry},
	year={2005},
	publisher={Random House},
	address={New York, NY}
}

[62] http://link.springer.com/article/10.1007/s12145-013-0110-x
@article{ma2013recent,
	title={Recent progress on geologic time ontologies and considerations for future works},
	author={Ma, Xiaogang and Fox, Peter},
	journal={Earth Sci. Informatics},
	volume={6},
	number={1},
	pages={31--46},
	month=mar,
	year={2013}
}

[63] http://www.sciencedirect.com/science/article/pii/S0098300405001020
@article{raskin2005knowledge,
	title={Knowledge representation in the semantic web for Earth and environmental terminology ({SWEET})},
	author={Raskin, Robert G and Pan, Michael J},
	journal={Comput. \& Geosciences},
	volume={31},
	number={9},
	pages={1119--1125},
	month=nov,
	year={2005}
}

[64]
@webpage{weibel1998dublin,
	title={{(September 1998)}. {RFC} 2413 -- {Dublin} core metadata for resource discovery. {The Internet Society}},
	author={Weibel, Stuart and Kunze, John and Lagoze, Carl and Wolf, Misha},
	url={https://www.rfc-editor.org/rfc/rfc2413.txt [Retrieved December 4th, 2015]}
}

[65]
@inproceedings{simmhan2006framework,
	title={A framework for collecting provenance in data-centric scientific workflows},
	author={Simmhan, Yogesh L and Plale, Beth and Gannon, Dennis},
	booktitle={Proc. 2006 Int. Conf. Web Services},
	pages={427--436},
	year={2006}
}

[66]
@book{van2004concepts,
	title={Concepts, Techniques, and Models of Computer Programming},
	author={Van-Roy, Peter and Haridi, Seif},
	year={2004},
	publisher={MIT Press},
	address={Cambridge, MA}
}

[67] http://dl.acm.org/citation.cfm?doid=2815833.2816955
@inproceedings{gil2015ontosoft,
	title={OntoSoft: Capturing Scientific Software Metadata},
	author={Gil, Yolanda and Ratnakar, Varun and Garijo, Daniel},
	booktitle={Proc. 8th Int. Conf. Knowledge Capture},
	pages = {32:1--32:4},
	year={2015}
}



@article{mann-thompson88,
   author = {Mann, William C. and Thompson, Sandra A.},
   title = {Rhetorical Structure Theory: Toward a functional theory of text organization},
   journal = {Text},
   volume = {8},
   number = {3},
   pages = {243-281},
   year = {1988}
}

@inproceedings{horridge2006manchester,
	title={The Manchester OWL Syntax.},
	author={Horridge, Matthew and Drummond, Nick and Goodwin, John and Rector, Alan L and Stevens, Robert and Wang, Hai},
	booktitle={OWLed},
	volume={216},
	year={2006}
}

@article{chalmers2014increase,
	title={How to increase value and reduce waste when research priorities are set},
	author={Chalmers, Iain and Bracken, Michael B and Djulbegovic, Ben and Garattini, Silvio and Grant, Jonathan and G{\"u}lmezoglu, A Metin and Howells, David W and Ioannidis, John PA and Oliver, Sandy},
	journal={The Lancet},
	volume={383},
	number={9912},
	pages={156--165},
	year={2014},
	publisher={Elsevier}
}

@article{salman2014increasing,
	title={Increasing value and reducing waste in biomedical research regulation and management},
	author={Salman, Rustam Al-Shahi and Beller, Elaine and Kagan, Jonathan and Hemminki, Elina and Phillips, Robert S and Savulescu, Julian and Macleod, Malcolm and Wisely, Janet and Chalmers, Iain},
	journal={The Lancet},
	volume={383},
	number={9912},
	pages={176--185},
	year={2014},
	publisher={Elsevier}
}

@article{guarino2002evaluating,
	title={Evaluating ontological decisions with OntoClean},
	author={Guarino, Nicola and Welty, Christopher},
	journal={Comm. ACM},
	volume={45},
	number={2},
	pages={61--65},
	year={2002},
	publisher={ACM}
}

@inproceedings{tartir2005ontoqa,
	title={OntoQA: Metric-based ontology quality analysis},
	author={Tartir, Samir and Arpinar, I Budak and Moore, Michael and Sheth, Amit P and Aleman-Meza, Boanerges},
	booktitle={Proc. Workshop on Knowledge Acquisition from Distributed, Autonomous, Semantically Heterogeneous Data and Knowledge Sources},
	year={2005}
}

@incollection{vrandevcic2007design,
	title={How to design better ontology metrics},
	author={Vrande{\v{c}}i{\'c}, Denny and Sure, York},
	booktitle={The Semantic Web: Res. and Applicat.},
	pages={311--325},
	year={2007},
	publisher={Springer}
}

@inproceedings{vrandevcic2006unit,
	title={Unit tests for ontologies},
	author={Vrande{\v{c}}i{\'c}, Denny and Gangemi, Aldo},
	booktitle={On the Move to Meaningful Internet Syst. 2006: OTM 2006 Workshops},
	pages={1012--1020},
	year={2006},
	organization={Springer}
}

@article{gruber1993translation,
	title={A translation approach to portable ontology specifications},
	author={Gruber, Thomas R},
	journal={Knowledge acquisition},
	volume={5},
	number={2},
	pages={199--220},
	year={1993},
	publisher={Elsevier}
}

@article{miller1998introduction,
	title={An introduction to the resource description framework},
	author={Miller, Eric},
	journal={Bull. Amer. Soc. for Inform. Sci. and Tech.},
	volume={25},
	number={1},
	pages={15--19},
	year={1998},
	publisher={Wiley Online Library}
}


@article{weyuker1988evaluating,
	title={Evaluating software complexity measures},
	author={Weyuker, Elaine J.},
	journal={IEEE Trans. Software Eng.},
	volume={14},
	number={9},
	pages={1357--1365},
	year={1988}
}

@article{halstead1977elements,
	title={Elements of software science},
	author={Halstead, Maurice H},
	year={1977},
	publisher={North-Holland}
}

@book{cross2001data,
	title={Data Munging with Perl},
	author={Cross, David},
	year={2001},
	publisher={Manning Publications Corporation},
	address={Shelter Island, NY}
}

@inproceedings{oviedo1993control,
	title={Control flow, data flow and program complexity},
	author={Oviedo, Enrique I},
	booktitle={Software Eng. Metrics I},
	pages={52--65},
	year={1993},
	organization={McGraw-Hill, Inc.}
}

@article{ioannidis2005most,
	title={Why most published research findings are false},
	author={Ioannidis, John PA},
	journal={PLoS Medicine},
	volume={2},
	number={8},
	pages={e124},
	year={2005}
}

@inproceedings{nielsen1993mathematical,
	title={A mathematical model of the finding of usability problems},
	author={Nielsen, Jakob and Landauer, Thomas K},
	booktitle={Proc. INTERACT'93 and CHI'93 Conf. Human Factors in Comput. Syst.},
	pages={206--213},
	year={1993},
	organization={ACM}
}

@article{gil2008data,
	title={From data to knowledge to discoveries: scientific workflows and artificial intelligence},
	author={Gil, Yolanda},
	journal={Scientific Programming},
	volume={16},
	number={4},
	year={2008}
}

@article{nielsen2001how,
  title={How to conduct a heuristic evaluation},
  author={Nielsen, Jakob},
  journal={Proceedings of the SIGCHI conference on Human factors in computing systems},
  year={2001}
}

@article{nielsen1994usability,
  title={Usability Inspection Methods},
  author={Nielsen, Jakob},
  journal={Ten Myths of Multimodal Interaction Communications of the ACM},
  pages={413-414},
  year={1994}
}

@inproceedings{nielsen1990heuristic,
  title={Heuristic evaluation of user interfaces},
  author={Nielsen, Jakob and Molich, Rolf},
  booktitle={Proc. SIGCHI Conf. Human Factors in Comput. Syst.},
  pages={249--256},
  year={1990}
}


@misc{jarvis2010importance,
	author = {Jeff Jarvis},
	title = {The Importance of Provenance},
	year = {2010},
	month = {jun},
	howpublished = {Online at http://buzzmachine.com/2010/06/27/the-importance-of-provenance/}
}

@book{morris1946signs,
	title={Signs, language and behavior},
	author={Morris, Charles},
	month={},
	year={1946},
	publisher={Prentice-Hall},
	address={New York, NY}
}

@inproceedings{zhao2006applying,
	title={Applying the virtual data provenance model},
	author={Zhao, Yong and Wilde, Michael and Foster, Ian},
	booktitle={Provenance and Annotation of Data, Int. Provenance and Annotation Workshop, IPAW 2006, Revised Selected Papers},
	pages={148--161},
	year={2006}
}

@inproceedings{freire2006managing,
	title={Managing rapidly-evolving scientific workflows},
	author={Freire, Juliana and Silva, Cl{\'a}udio T and Callahan, Steven P and Santos, Emanuele and Scheidegger, Carlos E and Vo, Huy T},
	booktitle={Provenance and Annotation of Data},
	pages={10--18},
	year={2006}
}

@article{PER-GRA:2007,
	Author    = {P\'erez, Fernando and Granger, Brian E.},
	Title     = {{IP}ython: a System for Interactive Scientific Computing},
	Journal   = {Comput. in Sci. and Eng.},
	Volume    = {9},
	Number    = {3},
	Pages     = {21--29},
	month     = may,
	year      = 2007
}

@inproceedings{missier2013w3c,
	title={The W3C PROV family of specifications for modelling provenance metadata},
	author={Missier, Paolo and Belhajjame, Khalid and Cheney, James},
	booktitle={Proceedings of the 16th International Conference on Extending Database Technology},
	pages={773--776},
	year={2013},
	organization={ACM}
}

@article{hull2006taverna,
	title={Taverna: a tool for building and running workflows of services},
	author={Hull, Duncan and Wolstencroft, Katy and Stevens, Robert and Goble, Carole and Pocock, Mathew R and Li, Peter and Oinn, Tom},
	journal={Nucleic Acids Res.},
	volume={34},
	number={suppl 2},
	pages={W729--W732},
	year={2006},
	publisher={Oxford Univ Press}
}

@article{tan2007provenance,
	title={Provenance in Databases: Past, Current, and Future},
	author={Tan, Wang Chiew and others},
	journal={IEEE Data Eng. Bull.},
	volume={30},
	number={4},
	pages={3--12},
	month=,
	year={2007}
}

@inproceedings{altintas2004kepler,
	author    = {Ilkay Altintas and
	Chad Berkley and
	Efrat Jaeger and
	Matthew B. Jones and
	Bertram Lud{\"{a}}scher and
	Steve Mock},
	title     = {Kepler: An Extensible System for Design and Execution of Scientific Workflows},
	booktitle = {Proc. 16th Int. Conf. Scientific and
	Statistical Database Manage. {(SSDBM} 2004), 21-23 June 2004, Santorini Island, Greece},
	year      = {2004},
	pages     = {423--424},
	crossref  = {DBLP:conf/ssdbm/2004},
	url       = {http://dx.doi.org/10.1109/SSDM.2004.1311241},
	doi       = {10.1109/SSDM.2004.1311241},
	timestamp = {Wed, 22 Oct 2014 03:02:21 +0200},
	biburl    = {http://dblp.uni-trier.de/rec/bib/conf/ssdbm/AltintasBJJLM04},
	bibsource = {dblp computer science bibliography, http://dblp.org}
}

@proceedings{DBLP:conf/ssdbm/2004,
	title     = {Proceedings of the 16th International Conference on Scientific and
	Statistical Database Management {(SSDBM} 2004), 21-23 June 2004, Santorini Island, Greece},
	year      = {2004},
	publisher = {{IEEE} CS},
	url       = {http://ieeexplore.ieee.org/xpl/mostRecentIssue.jsp?punumber=9176},
	isbn      = {0-7695-2146-0},
	timestamp = {Wed, 22 Oct 2014 03:02:21 +0200},
	biburl    = {http://dblp.uni-trier.de/rec/bib/conf/ssdbm/2004},
	bibsource = {dblp computer science bibliography, http://dblp.org}
}

